@book{Krogstie2012,
address = {London},
author = {Krogstie, John},
doi = {10.1007/978-1-4471-2936-3},
isbn = {978-1-4471-2935-6},
publisher = {Springer London},
title = {{Model-Based Development and Evolution of Information Systems}},
url = {http://link.springer.com/10.1007/978-1-4471-2936-3},
year = {2012}
}
